@article{APA2018,
  title={Stress in America: Generation Z},
  author={American Psychological Association},
  pages={1-11},
  year={2018},
}

@article{Nock2008Suicide,
  title={Suicide and suicidal behavior.},
  author={Nock, M. K. and Borges, G and Bromet, E. J. and Cha, C. B. and Kessler, R. C. and Lee, S},
  journal={Epidemiologic Reviews},
  volume={30},
  number={1},
  pages={133-154},
  year={2008},
}

@article{Susan1984Stress,
  title={Stress: Appraisal and Coping},
  author={Susan, Folkman Ph. D},
  pages={1-460},
  year={1984},
}

@article{ChinaTeen2019,
  title={Adolescent mental health alarm: nearly 30\% have a risk of depression},
  journal={China Youth News},
  author={China Youth and Children Research Center},
  pages={1-2},
  year={2019},
}
