@article{Yu2011Mining,
  author={Yu, L. C. and Chan, C. L. and Lin, C. C. and Lin, I. C.},
  title={Mining association language patterns using a distributional semantic model for negative life event classification.},
  journal={Journal of Biomedical Informatics},
  volume={44},
  number={4},
  pages={509-518},
  year={2011},
}

@article{secondCite,
  author={Yu. and Lin, I. C.},
  title={Using a distributional semantic model for negative life event classification.},
  journal={Journal of Biomedical Informatics},
  volume={44},
  number={4},
  pages={509-518},
  year={2011},
}
