@InProceedings{XueUbicomp13,
  author    = {Y. Xue and Q. Li and L. Feng and G.D. Clifford and D. Clifton},
title     = {Towards a Micro-Blog Platform for Sensing and Easing Adolescent Psychological Pressures},
booktitle = {Proc. of Ubicomp},
  publisher = {poster},
  year      = {2013},
  pages     = {},
}


@inproceedings{Rama2013,
  title={Inferring User Interests from Tweet Times},
  author={D. Ramasamy and S. Venkateswaran and U. Madhow},
  booktitle={Proc. of COSN},
  year={2013},
  pages={},
}

@article{hassles,
  title = {Comparison of Two Modes of Stress Measurement: Daily Hassles and Uplifts versus Major Life Events},
  author = {Kanner, A.D. and Coyne, J.C. and Schaefer, C. and Lazants, R.},
  doi = {10.1177/089443939201000402},
  journal = "Journal of Behavioral Medicine",
  year ={1981},
  volume ={4},
  pages = "1-39"
}


@article{scale1,
  title={Compilation and Reliability and Validity Assessment of Multidimensional Life Events Rating Questionnaire for Middle School Students},
  author={Yan, H. U. and Tao, Fang Biao and Pu-Yu, S. U.},
  journal="Chinese Journal of School Health",
  year={2010},
  volume = {February 31},
  number = {2},
  pages="146-159",
}

@article{scale2,
  title={The Development of the Chinese Adolescent Life Events Checklist},
  author={Jiang, Guangrong},
  journal="Chinese Journal of Clinical Psychology",
  year={2000},
  volume = {8},
  number = {1},
  pages="10-14",
}

@article{scale3,
  title={The Development of the Life Stress Rating Scale for Middle School Students},
  author={Liang Baoyong and Huang Ying},
  journal="Chinese Mental Health Journal",
  year={2002},
  volume = {16},
  number = {5},
  pages="313-316",
}

@inproceedings{Zhao2015,
  title={A Category-dependent Time-Aware Feature Space for Teenagers' Stress Detection from Micro-blog},
  author={L. Zhao and J. Jia and L. Feng},
  booktitle={Proc. of the 4th IFIP Intl. Conf. on Artificial Intelligence in Theory and Practice},
  year={2015},
  pages={},
}


@misc{Aleccia2014,
  title={Teens More Stressed-Out Than Adults},
author={Jonel Aleccia},
howpublished={NBC News, http://www.nbcnews.com/health/kids-health/teens-more-stressed-out-adults-survey-shows-n26921},
  year={2014},
}


@misc{Hoffmann2015,
  title={There Is A Difference Between Stress And Stressors},
author={Rose Hoffmann},
howpublished={NBC News, http://www.tm.org/blog/meditation/there-is-a-difference-between-stress-and-stressors-and-you-need-to-know-what-it-is/},
  year={2015},
}


@article{Xu2015,
  title={Cluster-Based Analysis for Personalized Stress Evaluation Using Physiological Signals},
  author={Q. Xu and T.L. Nwe and C. Guan},
  journal="IEEE Journal of Biomedical and Health Informatics",
  year={2015},
  volume ={19},
  number ={1},
  pages={275--281},
}

@inproceedings{Plarre2011,
  title={Continuous inference of psychological stress from sensory measurements collected in the natural environment},
  author={K. Plarre and A. Raij and S. M. Hossain and A. A. Ali and et al.},
  booktitle="Proc. of Int. Conf. Information Process. Sens. Netw.",
  year={2011},
  pages={97--108},
}

@article{Fairclough2006,
  title={Prediction of subjective states from psychophysiology: A multivariate approach},
  author={S.H. Fairclough and L. Venables},
  journal="Biol. Psychol.",
  year={2006},
  volume ={71},
  number ={1},
  pages={100¨C-110},
}

@article{Healey2005,
  title={Detecting stress during real-world driving tasks using physiological sensors},
  author={J. A. Healey and R. W. Picard},
  journal="IEEE Trans. Intell. Transp. Syst.",
  year={2005},
  volume ={6},
  number ={2},
  pages={156¨C-166},
}


@article{SC1983,
  title={A Global Measure of Perceived Stress},
  author={S. Cohen and T. Kamarck and R. Mermelstein},
  journal={Journal of Health and Social Behavior},
  pages={385--396},
  year={1983}
}

@article{ZT2003,
  title={An epidemiological study on stress among urban residents in social transition period},
  author={Z. Ting and H. Huang },
  journal={Chinese Journal of Epidemiology},
  pages={760--764},
  year={2003}
}

@misc{shoot,
  key = "shoot",
  title = {{Adolescents' Psychological Health Status around the world}},
   note = {\url{http://learning.sohu.com/s2012/shoot/}}
}

@misc{University,
  key = "University",
  title = {{A sharp increase of suicide rate in college students}},
   note = {\url{http://learning.sohu.com/20130402/n371458123.shtml}}
}

@misc{wiki-shoot,
  key = "Connecticut Shooting",
  title = {{Sandy Hook Elementary School shooting}},
   note = {\url{http://en.wikipedia.org/wiki/Sandy_Hook_Elementary_School_shooting}}
}

@misc{AAS,
  key = "American",
  title = {{American adolescents are suffering from serious psychological disease}},
   note = {\url{http://club.learning.sohu.com/szhengzhi/thread/147plqh4jyd/#p1}}
}

@inproceedings{Stress-Work,
 author = {Jorn, Bakker and Leszek,Holenderski and Rafal, Kocielnik and Mykola, Pechenizkiy and Natalia, Sidorova},
 title = {Stess@Work:from measuring stress to its understanding, prediction and handling with personalized coaching},
 booktitle = {Proc. of IHI},
 year = {2012},
 pages = {673--678},
 publisher = {ACM Press},
}

@misc{CAS,
  key = "CAS tweet",
  title = {{Report of micro-blog development among Chinese teenagers in 2013}},
   note = {\url{http://club.learning.sohu.com/szhengzhi/thread/147plqh4jyd/#p1}}
}

@book{Chinese,
  title = {{The development report of Chinese new media in 2013}},
  author = {Xujun, Tang and Xinxun, Wu and Chuxin, Huang and Ruisheng, Wang},
  publisher = {Social Sciences Academic Press},
  location = {Beijing, China},
  year = 2014,
}

@misc{Networking,
  key = "Networking",
  title = {{Report of Chinese teenagers' online behaviors in 2013}},
   note = {\url{http://www.cnnic.net.cn/hlwfzyj/hlwxzbg/qsnbg/201406/t20140611_47215.htm}}
}

@misc{Suicide,
  key = "suicide",
  title = {{Live broadcast of suicide through micro-blog}},
   note = {\url{http://www.bjnews.com.cn/news/2014/11/30/343872.html}}
}

@misc{Stressor,
  key = "stressor",
  title = {{Definition of stressor in psychology}},
   note = {\url{http://en.wikipedia.org/wiki/Stressor}}
}

@inproceedings{HIS,
 author = {Y. Xue and Q. Li and L. Jin and L. Feng and D. Clifton and G. Clifford},
 title = {Detecting Adolescent Psychological Pressures from Micro-Blog},
 booktitle = {Proc. of HIS},
 year = {2014},
}

@article{medical,
  title = {{Social Competence and Related Factors in Adolescents}},
  author = {Lianqi, Liu and Xianchen, Liu and et.al.},
  doi = "",
  journal = "Chinese Mental Health Journal",
  year = {1998},
  volume = {12},
  pages = "49-50"
}

@article{science1976,
  title={Life Events, Stress, and Illness},
  author={Rabkin, Judith G. and Struening, Elmer L.},
  journal={Science},
  volume={194},
  number={4269},
  pages={1013-1020},
  year={1976}
}

@inproceedings{phone1,
 author = {G. Bauer and P. Lukowicz},
 title = {Can Smartphones Detect Stress-Related Changes in the Behaviour of Individuals?},
 booktitle = {Proc. of PERCOM Workshop},
 pages={423-426},
 year = {2012},
}

@inproceedings{phone2,
 author = {H. Lu and M. Rabbi and G.T. Chittaranjan and D. Frauendorfer and et al.},
 title = {StressSense: detecting stress in unconstrained acoustic environments using smartphones},
 booktitle = {Proc. of Ubicomp},
 pages={351-360},
 year = {2012},
}

@inproceedings{mental,
 author = {F. Bousefsaf and C. Maaoui and A. Pruski},
 title = {Remote assessment of the Heart Rate Variability to detect mental stress},
 booktitle={Pervasive Computing Technologies for Healthcare (PervasiveHealth), 2013 7th International Conference on},
 pages={348-351},
 year = {2013},
}

@article{fuzzy,
  title = {{A Stress-Detection System Based on Physiological Signals and Fuzzy Logic}},
  author = {de Santos Sierra, A. and Avila, C.S. and Guerra Casanova, J. and del Pozo, G.B.},
  doi = "10.1109/TIE.2010.2103538",
  journal = "IEEE Transactions on Industrial Electronics",
  year = {2011},
  volume = {58},
  number = {10},
  pages = "4857-4865",
}

@article{driver,
  title={Real-Time Driver's Stress Event Detection},
  author={Rigas, G. and Goletsis, Y. and Fotiadis, D.I.},
  doi="10.1109/TITS.2011.2168215",
  journal="IEEE Transactions on Intelligent Transportation Systems",
  year={2012},
  volume = {13},
  number = {1},
  pages="221-234",
}

@inproceedings{activity,
 author={F. Sun and C. Kuo and H. Cheng and S. Buthpitiya and P. Collins and M. Griss},
 title={Activity-Aware Mental Stress Detection Using Physiological Sensors},
 booktitle = {Proc. of Social Informatics and Telecommunications Engineering},
 pages={211-230},
 year = {2012},
}

@article{academic,
  title={Academic stress as a predictor of chronic stress in university students},
  author="Blanca Elizabeth Pozos-Radillo and Mar¨ªa de Lourdes Preciado-Serrano and Mart¨ªn Acosta-Fern¨¢ndez and Mar¨ªa de los ¨¢ngeles Aguilera-Velasco and et al.",
  doi="http://dx.doi.org/10.1016/j.pse.2014.05.006",
  journal="Psicolog¨ªa Educativa",
  volume = "20",
  number = "1",
  pages = "47 - 52",
  year = "2014",
}

@article{work,
  title={Causes and management of stress at work},
  author={S. Michie},
  doi="10.1136/oem.59.1.67",
  journal="Occup Environ Med",
  year={2002},
  volume = {59},
  pages="67-72",
}

@article{lonely,
  title={Effects of loneliness and differential usage of Facebook on college adjustment of first-year students},
  author={D.Y. Wohn and R. LaRose},
  doi="10.1016/j.compedu.2014.03.018",
  journal="Computers and Education",
  year= 2014,
  volume = 76,
  pages="158¨C167",
}

@inproceedings{depression1,
  author={M. Choudhury and M. Gamon and S. Counts and E. Horvitz},
  title={Prediction depression via social media},
  booktitle={Proc. of ICWSM},
  pages={128-137},
  year={2013}
}

@inproceedings{depression2,
  author={M. Choudhury and S. Counts and E. Horvitz},
  title={Social media as a measurement tool of depression in populations},
  booktitle={Proc. of ACM Web Science},
  pages={47-56},
  year={2013}
}

@inproceedings{depression3,
  author={Y. Shen and T. Kuo and I. Yeh and T. Chen and S. Lin},
  title={Exploiting temporal information in a two-stage classification framework for content-based depression detection},
  booktitle={Proc. of PAKDD},
  pages={278-288},
  year={2013}
}

@article{feelingFB,
  title={Feeling bad on Facebook: depression disclosures by college students on a social networking site},
  author={Moreno, Megan A. and Jelenchick, Lauren A. and Egan, Katie G. and Cox, Elizabeth and et al.},
  doi="10.1002/da.20805",
  journal="Depress and Anxiety",
  year={2011},
  volume = {28},
  number = {6},
  pages="447-455",
}


@article{Facebook,
  title={Facebook, Stress, and Incidence of Upper Respiratory Infection in Undergraduate College Students},
  author={Campisi, J and Bynog, P and Mcgehee, H and Oakland, J. C. and Quirk, S. and et al.},
  doi="10.1089/cyber.2012.0156",
  journal="Cyberpsychology, behavior, and social networking",
  year={2012},
  volume = {15},
  number = {12},
  pages="675-681",
}

@article{just,
  title={``Just Talk to Me": Communicating With College Students About Depression Disclosures on Facebook},
  author={Jennifer M. Whitehill and Libby N. Brockman and Megan A. Moreno},
  doi="http://dx.doi.org/10.1016/j.jadohealth.2012.09.015",
  journal="Journal of Adolescent Health",
  year="2013",
  volume = "52",
  number = "1",
  pages="122-127",
}

@article{FBbased,
  title={Facebook-based stress management resources for first-year medical students: A multi-method evaluation},
  author ={Daniel R. George and Cheryl Dellasega and Megan M. Whitehead and Alan Bordon},
  doi="10.1016/j.chb.2012.12.008",
  journal="Computers in Human Behavior",
  volume = "29",
  number = "3",
  pages = "559 - 562",
  year = "2013",
  doi = "http://dx.doi.org/10.1016/j.chb.2012.12.008",
}

@inproceedings{StepStream,
  author={Andrew D Miller and Elizabeth D Mynatt},
  title={StepStream: A School-based Pervasive Social Fitness System for Everyday Adolescent Health},
  booktitle={Proc. of CHI},
  pages={2823-2832},
  year={2014}
}

@article{Loneliness,
  title={Loneliness, anxiousness, and substance use as predictors of Facebook use},
  author={Russell B. Clayton and Randall E. Osborne and Brian K. Miller and Crystal D. Oberle},
  doi={10.1016/j.chb.2012.12.002},
  journal={Computers in Human Behavior},
  year={2013},
  volume = {29},
  number = {3},
  pages={687¨C693},
}

@inproceedings{LinHuiJie14,
  author =  {Huijie Lin and Jia Jia and Quan Guo and Yuanyuan Xue and Qi Li and Jie Huang and Lianhong Cai and Ling Feng},
  title =  {User-level psychological stress detection from social media using deep neural network},
  booktitle = {Proceedings of the {ACM} International Conference on Multimedia, {MM}'14, Orlando, FL, USA, November 03 - 07, 2014},
  pages = {507-516},
  year = {2014},
  doi  = {10.1145/2647868.2654945},
}

@inproceedings{EDBT2014,
  author =       {Y. Xue and Q. Li and J. Jia and L. Feng},
  title =        {Helping Teenagers Relieve Psychological Pressures: A Micro-blog Based System},
  booktitle =    {Proc. of EDBT},
  year =         {2014},
}

@article{Journal1986,
  title={Hassles, Role Strain, and Peer Relations in Young Adolescents},
  author={Bobo and Gilchrist and Elmer and Schinke},
  journal={Journal of Early Adolescence},
  volume={6},
  pages={339-352},
  year={1986},
}

@book{Questionaire2011,
  title={The Development of College Students¡¯ Stressors Questionnaire},
  author={Wang, Dao Yang and Yao, Benxian},
  publisher={Springer Berlin Heidelberg},
  pages={221-225},
  year={2011},
}

@article{Taiwan2011,
  title={Everyday hassles and related information behaviour among youth: a case study in Taiwan},
  author={Lu, Ya Ling},
  journal={Information Research},
  year={2011},
  volume = {16},
  number = {1},
  pages={95-116},
}

@article{moving1990,
  title={Moving as a Stressful Life Event for Adolescents},
  author={Amiram Raviv and Giora Keinan and Yehuda Abazon and Alona Raviv},
  journal="Journal of Community Psychology",
  year=1990,
  volume = 18,
  pages="130-141",
}

@article{moderate2010,
  title={Stressful life events and problematic Internet use by adolescent females and males: A mediated moderation model},
  author={Dongping Li and Wei Zhang and Xian Li and Shuangju Zhen and Yanhui Wang},
  journal="Computers in Human Behavior",
  doi= "10.1016/j.chb.2010.03.031",
  volume = "26",
  number = "5",
  pages = "1199 - 1207",
  year = "2010",
}

@article{Brooding2014,
  title={Brooding and reflection as explanatory of depressive symptoms in adolescents experiencing stressful life events},
  author={Young, C.C. and Dietrich, M.S. and Lutenbacher, M.},
  journal="Issues in Mental Health Nursing",
  doi= "10.3109/01612840.2013.849783",
  year=2014,
  volume = 35,
  number = 3,
  pages="175-180",
}

@article{suicide2013,
  title={Are Reports of Life Event Stress among Suicidal Youth Subject to Cognitive Bias?},
  author={Hartley, C. M. and Grover, K. E. and Pettit, J. W. and Morgan, S. T. and et al.},
  journal="Suicide and Life-Threatening Behavior",
  doi= "10.1111/sltb.12034",
  year={2013},
  volume = {43},
  number = {5},
  pages="503-510",
}

@article{childhood,
  title={Childhood Adversity, Recent Life Stressors and Suicidal Behavior in Chinese College Students},
  author={You, Zhiqi and Chen, Mingxi and Yang, Sen and Zhou, Zongkui and Qin, Ping},
  journal={Adversity, Life Stressors and Suicide},
  volume={9},
  number={3},
  pages={1-7},
  year={2014},
}

@inproceedings{SmartPhone2013,
  author =       {Weppner, J. and Lukowicz, P. and Serino, S. and Cipresso, P. and et al.},
  title =        {Smartphone based experience sampling of stress-related events},
  booktitle =    {Proc. of Pervasive Health},
  pages=         {464-467},
  year =         {2013},
}

@inproceedings{Ubicomp2014,
  author =       {Wang, Rui and Chen, Fanglin and Chen, Zhenyu and Li, Tianxing and et al.},
  title =        {StudentLife: assessing mental health, academic performance and behavioral trends of college students using smartphones},
  booktitle =    {Proc. of Ubicomp},
  year =         {2014},
}


@inproceedings{Che2010,
  author =       {Che, Wanxiang and Li, Zhenghua and Liu, Ting},
  title =        {LTP: A Chinese Language Technology Platform},
  booktitle =    {Proc. of ACL},
  pages =        {13-16},
  year =         {2010},
}

@article{che2008,
  title={Semantic Role Labeling Using a Grammar-Driven Convolution Tree Kernel},
  author={Zhang, Min and Che, Wanxiang and Zhou, Guodong and Aw, Aiti and et al.},
  journal={Audio Speech and Language Processing IEEE Transactions},
  volume={16},
  number={7},
  pages={1315 - 1329},
  year={2008}
}

@article{Stressor2000,
  title={The stressors and psychological well-being of senior secondary school students},
  author={W. Q., Lou and et al.},
  journal="Psychological Science",
  year=2000,
  volume = 23,
  number = 2,
}

@book{SARA,
  title = {Health Psychology (Chinese Fourth Edition)},
  author = {SARAFINO, E. P.},
  publisher ={China Light Industry Press},
  location = {China},
  year = 2000,
  pages = {159-161}
}

@misc{wikiMental,
  key = "Causes of mental disorders",
  title = {Causes of mental disorders},
  note = {\url{http://en.wikipedia.org/wiki/Causes_of_mental_disorders#cite_note-83}}
}

@article{Events2013,
  title={Negative and positive life events are associated with small but lasting change in neuroticism},
  author={Jeronimus, B. F. and Ormel, J. and Aleman, A. and Penninx, B. W. J. H. and Riese, H.},
  journal={Psychological Medicine},
  volume={43},
  number={11},
  pages={2403-2415},
  year={2013}
}

@article{Depression2012,
  title={Putting Their Best Foot Forward: Emotional Disclosure on Facebook},
  author={Lin Qiu and Han Lin and Angela K. Leung and William Tov.},
  journal="Cyberpsychology, Behavior, and Social Networking",
  year=2012,
  volume = 15,
  number = 10,
  doi = "10.1089/cyber.2012.0200",
  pages={569-573},
}

@inproceedings{LHJ,
  author =  {Lin, Huijie and Jia, Jia and Guo, Quan and Xue, Yuanyuan and et al.},
  title =  {Psychological stress detection from cross-media microblog data using Deep Sparse Neural Network},
  booktitle = {Proc. of ICME},
  year = {2014},
  pages = {1-6},
  doi = "10.1109/ICME.2014.6890213",
}

@misc{tencent,
  key = "tencent",
  title = {{The number of users in Tencent micro-blog has exceeded 500 million}},
   note = {\url{http://t.qq.com/p/t/173717058821583}}
}

@article{Event2011,
  title={Mining association language patterns using a distributional semantic model for negative life event classification},
  author={Chan, Liang Chih and Lin, Chien Lung and Lin, Chao Cheng and et al.},
  journal="Journal of Biomedical Informatics",
  year=2011,
  volume = 44,
  number = 4,
  doi = "10.1016/j.jbi.2011.01.006",
  pages={509-518},
}


@inproceedings{DBLP:conf/emnlp/LiRCH14,
  author= {Jiwei Li and
               Alan Ritter and
               Claire Cardie and
               Eduard H. Hovy},
  title= {Major Life Event Extraction from Twitter based on Congratulations/Condolences
               Speech Acts},
  booktitle= {Proc. of EMNLP},
  pages     = {1997--2007},
  year      = {2014},
}

@inproceedings{DBLP:conf/www/LiC14,
  author    = {Jiwei Li and
               Claire Cardie},
  title     = {Timeline generation: tracking individuals on twitter},
  booktitle = {Proc. of WWW},
  pages     = {643--652},
  year      = {2014},
  doi       = {10.1145/2566486.2567969},
}
%controversial events
@inproceedings{DBLP:conf/cikm/PopescuP10,
  author    = {Ana{-}Maria Popescu and
               Marco Pennacchiotti},
  title     = {Detecting controversial events from twitter},
  booktitle = {Proc. of CIKM},
  pages     = {1873--1876},
  year      = {2010},
  doi       = {10.1145/1871437.1871751},
}

% city event calendar
@inproceedings{DBLP:conf/acl/BensonHB11,
  author    = {Edward Benson and
               Aria Haghighi and
               Regina Barzilay},
  title     = {Event Discovery in Social Media Feeds},
  booktitle = {Proc. of ACL},
  pages     = {389--398},
  year      = {2011},
}
%news
@inproceedings{DBLP:conf/wsdm/SarmaJY11,
  author    = {Anish Das Sarma and
               Alpa Jain and
               Cong Yu},
  title     = {Dynamic relationship and event discovery},
  booktitle = {Proc. of WSDM},
  pages     = {207--216},
  year      = {2011},
  doi       = {10.1145/1935826.1935867},
}
%disaster
@inproceedings{DBLP:conf/www/SakakiOM10,
  author    = {Takeshi Sakaki and
               Makoto Okazaki and
               Yutaka Matsuo},
  title     = {Earthquake shakes Twitter users: real-time event detection by social
               sensors},
  booktitle = {Proc. of WWW},
  pages     = {851--860},
  year      = {2010},
  doi       = {10.1145/1772690.1772777},
}
%structured(four tuples) public events news
@inproceedings{DBLP:conf/kdd/RitterMEC12,
  author    = {Alan Ritter and
               Mausam and
               Oren Etzioni and
               Sam Clark},
  title     = {Open domain event extraction from twitter},
  booktitle = {Proc. of KDD},
  pages     = {1104--1112},
  year      = {2012},
  doi       = {10.1145/2339530.2339704},
}
%bursty
@inproceedings{DBLP:conf/naacl/PetrovicOL10,
  author    = {Sasa Petrovic and
               Miles Osborne and
               Victor Lavrenko},
  title     = {Streaming First Story Detection with application to Twitter},
  booktitle = {Proc. of ACL},
  pages     = {181--189},
  year      = {2010},
}
%popular event
@inproceedings{DBLP:conf/kdd/LinZMH10,
  author    = {Cindy Xide Lin and
               Bo Zhao and
               Qiaozhu Mei and
               Jiawei Han},
  title     = {{PET:} a statistical model for popular events tracking in social communities},
  booktitle = {Proc. of KDD},
  pages     = {929--938},
  year      = {2010},
  doi       = {10.1145/1835804.1835922},
}

%games
@inproceedings{DBLP:conf/www/AlonsoS13,
  author    = {Omar Alonso and
               Kyle Shiells},
  title     = {Timelines as summaries of popular scheduled events},
  booktitle = {Proc. of WWW},
  pages     = {1037--1044},
  year      = {2013},
}

@article{Cohen1983A,
  title={A global measure of perceived stress.},
  author={Cohen S and Kamarck T and Mermelstein R},
  journal={Journal of health and social behavior},
  volume={24},
  pages={385-396},
  year={1983}
}

@misc{coping,
  key = "coping",
  title = {{Coping Mechanism}},
   note = {\url{https://en.wikipedia.org/wiki/Coping_(psychology)}}
}

@article{BevanGS14,
  author    = {Jennifer L. Bevan and
               Ruth Gomez and
               Lisa Sparks},
  title     = {Disclosures about important life events on Facebook: Relationships
               with stress and quality of life},
  journal   = {Computers in Human Behavior},
  volume    = {39},
  pages     = {246--253},
  year      = {2014},
  doi       = {10.1016/j.chb.2014.07.021},
}

@inproceedings{PSSEGG,
  author    = {Hamid, N.H.A. and Fac. of Electr. Eng. and Univ. Teknol. MARA and Shah Alam, Malaysia and Sulaiman, N. and etal.},
  title     = {Evaluation of human stress using {EEG} Power Spectrum},
  booktitle = {2010 6th International Colloquium on Signal Processing and Its Applications (CSPA)},
  pages     = {1-4},
  year      = {2010},
  doi = {10.1109/CSPA.2010.5545282},
}

@INPROCEEDINGS{context,
author={Kocielnik, R. and Sidorova, N. and Maggi, F.M. and Ouwerkerk, M. and Westerink, J.H.D.M.},
booktitle={Computer-Based Medical Systems (CBMS), 2013 IEEE 26th International Symposium on},
title={Smart technologies for long-term stress monitoring at work},
year={2013},
pages={53-58},
doi={10.1109/CBMS.2013.6627764},
}

@article{Byrne2007Profiles,
  title={Profiles of adolescent stress: the development of the adolescent stress questionnaire (ASQ).},
  author={Byrne, D. G. and Davenport, S. C. and Mazanov, J.},
  journal={Journal of Adolescence},
  volume={30},
  number={3},
  pages={393-416},
  year={2007},
}

@book{Jeffrey,
author ="Jeffreys, H.",
year ="1939",
title ="Theory of probability",
publisher ="Oxford University Press"
}

@article{DBLP:journals/jmlr/BleiNJ03,
  author    = {David M. Blei and
               Andrew Y. Ng and
               Michael I. Jordan},
  title     = {Latent Dirichlet Allocation},
  journal   = {Journal of Machine Learning Research},
  volume    = {3},
  pages     = {993--1022},
  year      = {2003},
}

@inproceedings{DBLP:conf/naacl/KozarevaH10,
  author    = {Zornitsa Kozareva and
               Eduard H. Hovy},
  title     = {Not All Seeds Are Equal: Measuring the Quality of Text Mining Seeds},
  booktitle = {Human Language Technologies: Conference of the North American Chapter
               of the Association of Computational Linguistics, Proceedings, June
               2-4, 2010, Los Angeles, California, {USA}},
  pages     = {618--626},
  year      = {2010},
}

@inproceedings{DBLP:conf/icml/LaffertyMP01,
  author    = {John D. Lafferty and
               Andrew McCallum and
               Fernando C. N. Pereira},
  title     = {Conditional Random Fields: Probabilistic Models for Segmenting and
               Labeling Sequence Data},
  booktitle = {Proceedings of the Eighteenth International Conference on Machine
               Learning {(ICML} 2001), Williams College, Williamstown, MA, USA, June
               28 - July 1, 2001},
  pages     = {282--289},
  year      = {2001},
}

@article{Yu2011Mining,
  author={Yu, L. C. and Chan, C. L. and Lin, C. C. and Lin, I. C.},
  title={Mining association language patterns using a distributional semantic model for negative life event classification.},
  journal={Journal of Biomedical Informatics},
  volume={44},
  number={4},
  pages={509-518},
  year={2011},
}
